
@book{
	elektra2007,
	author = {{Corinna Elektra Aichele}},
	title = {Mesh. Drahtlose Ad-hoc-Netze},
	publisher = {Open Source Press},
	year = {2007},
	month = {Juli},
}
