
@misc{
	nexus,
	title = {{Nexus-Projekt}},
	howpublished = {\url{http://www.nexus.uni-stuttgart.de}},
}

@misc{
	madwifi,
	title = {{MadWifi}},
	howpublished = {\url{http://madwifi.org}},
}

@misc{
	openwrt,
	title = {{OpenWRT}},
	howpublished = {\url{http://openwrt.org}},
}

@misc{
	olsrd,
	title = {{olsr.org}},
	howpublished = {\url{http://www.olsr.org}},
}

@misc{
	batman,
	title = {{B.A.T.M.A.N.}},
	howpublished = {\url{https://www.open-mesh.net/batman}},
}

@book{
	elektra2007,
	author = {{Corinna Elektra Aichele}},
	title = {Mesh. Drahtlose Ad-hoc-Netze},
	publisher = {{Open Source Press}},
	year = {2007},
	month = {Juli},
}

@book{
	toh2001,
	author = {C.K. Toh},
	title = {{Ad Hoc Mobile Wireless Networks: Protocols and Systems}},
	publisher = {{Prentice Hall}},
	year = {2001},
	month = {December},
}
